% \begin{thebibliography}{00}
% \bibitem{b1} G. Eason, B. Noble, and I. N. Sneddon, ``On certain integrals of Lipschitz-Hankel type involving products of Bessel functions,'' Phil. Trans. Roy. Soc. London, vol. A247, pp. 529--551, April 1955.
% \bibitem{b2} J. Clerk Maxwell, A Treatise on Electricity and Magnetism, 3rd ed., vol. 2. Oxford: Clarendon, 1892, pp.68--73.
% \bibitem{b3} I. S. Jacobs and C. P. Bean, ``Fine particles, thin films and exchange anisotropy,'' in Magnetism, vol. III, G. T. Rado and H. Suhl, Eds. New York: Academic, 1963, pp. 271--350.
% \bibitem{b4} K. Elissa, ``Title of paper if known,'' unpublished.
% \bibitem{b5} R. Nicole, ``Title of paper with only first word capitalized,'' J. Name Stand. Abbrev., in press.
% \bibitem{b6} Y. Yorozu, M. Hirano, K. Oka, and Y. Tagawa, ``Electron spectroscopy studies on magneto-optical media and plastic substrate interface,'' IEEE Transl. J. Magn. Japan, vol. 2, pp. 740--741, August 1987 [Digests 9th Annual Conf. Magnetics Japan, p. 301, 1982].
% \bibitem{b7} M. Young, The Technical Writer's Handbook. Mill Valley, CA: University Science, 1989.
% \end{thebibliography}

@ARTICLE{fingerprint_challenges,
  author={Khalajmehrabadi, Ali and Gatsis, Nikolaos and Akopian, David},
  journal={IEEE Communications Surveys   Tutorials}, 
  title={Modern WLAN Fingerprinting Indoor Positioning Methods and Deployment Challenges}, 
  year={2017},
  volume={19},
  number={3},
  pages={1974-2002},
  doi={10.1109/COMST.2017.2671454}}

@inproceedings{wifi_magnometer,
author = {Li, Yuqi and He, Zhe and Nielsen, J. and Lachapelle, Gérard},
year = {2015},
month = {10},
pages = {},
title = {Using Wi-Fi/Magnetometers for Indoor Location and Personal Navigation},
doi = {10.1109/IPIN.2015.7346764}
}


@article{walkingspeed,
author = {Bohannon, Richard and Andrews, Addison},
year = {2011},
month = {09},
pages = {182-9},
title = {Normal walking speed: A descriptive meta-analysis},
volume = {97},
journal = {Physiotherapy},
doi = {10.1016/j.physio.2010.12.004}
}

@ONLINE{iBeacon,
    author = "Apple",
    title = "Getting Started with iBeacon",
    url = "https://developer.apple.com/ibeacon/Getting-Started-with-iBeacon.pdf",
    note = {Accessed: 03-05-2021}
}

@inproceedings{leakage,
author = {Kaufman, Shachar and Rosset, Saharon and Perlich, Claudia},
title = {Leakage in Data Mining: Formulation, Detection, and Avoidance},
year = {2011},
isbn = {9781450308137},
publisher = {Association for Computing Machinery},
address = {New York, NY, USA},
url = {https://doi-org.zorac.aub.aau.dk/10.1145/2020408.2020496},
doi = {10.1145/2020408.2020496},
booktitle = {Proceedings of the 17th ACM SIGKDD International Conference on Knowledge Discovery and Data Mining},
pages = {556–563},
series = {KDD '11}
}

